5180X12123123001200912      ASOCIATION PRO TAP WATER                                    12002366                                                                  
5380X12123123001200912310113ASOCIATION PRO TAP WATER                21000111410200112239        01                                                                
5680X12123123001000000001001¡NGEL MARÌA SANCHEZ —URIGA              111122223344444444440000001000                FEE FOR MONTH AGOST                             
5681X12123123001000000001001MEMBER NUM 1001                         NUMER TICKETS 2                                                                               
5680X12123123001000000001003ANDREA SUGOSTIAGA                       444455556677777777770000000001                FEE FOR MONTH AGOST                             
5680X12123123001000000001002WALTER CROQUET                          999988887766666666660020000100                FEE FOR MONTH AGOST                             
5681X12123123001000000001002MEMBER NUM 1002                         NUMER TICKETS 3                                                                               
5880X12123123001                                                                        0020001101      00000000030000000007                                      
5980X12123123001                                                    0001                0020001101      00000000030000000009                                      